@article{journals/corr/Mur-ArtalMT15,
  added-at = {2015-03-02T00:00:00.000+0100},
  author = {Mur-Artal, Raul and Montiel, J. M. M. and Tardós, Juan D.},
  biburl = {https://www.bibsonomy.org/bibtex/257b87bca527ed82672da072182c8b121/dblp},
  ee = {http://arxiv.org/abs/1502.00956},
  interhash = {967b6a4555c93e334184ced14b8a40d9},
  intrahash = {57b87bca527ed82672da072182c8b121},
  journal = {CoRR},
  keywords = {dblp},
  timestamp = {2015-06-18T03:33:13.000+0200},
  title = {ORB-SLAM: a Versatile and Accurate Monocular SLAM System.},
  url = {http://dblp.uni-trier.de/db/journals/corr/corr1502.html#Mur-ArtalMT15},
  volume = {abs/1502.00956},
  year = 2015
}

@article{murTRO2015,
  title={{ORB-SLAM}: a Versatile and Accurate Monocular {SLAM} System},
  author={Mur-Artal, Ra\'ul, Montiel, J. M. M. and Tard\'os, Juan D.},
  journal={IEEE Transactions on Robotics},
  volume={31},
  number={5},
  pages={1147--1163},
  doi = {10.1109/TRO.2015.2463671},
  year={2015}
 }

@article{mur2017orb,
  title={Orb-slam2: An open-source slam system for monocular, stereo, and rgb-d cameras},
  author={Mur-Artal, Raul and Tard{\'o}s, Juan D},
  journal={IEEE Transactions on Robotics},
  volume={33},
  number={5},
  pages={1255--1262},
  year={2017},
  publisher={IEEE}
}

@InProceedings{ sturm12iros,
  author = {J. Sturm and N. Engelhard and F. Endres and W. Burgard and D. Cremers},
  title = "A Benchmark for the Evaluation of RGB-D SLAM Systems",
  booktitle = "Proc. of the International Conference on Intelligent Robot Systems (IROS)",
  year = "2012",
  month= "Oct.",
}

@article{cadena2016past,
  title={Past, present, and future of simultaneous localization and mapping: Toward the robust-perception age},
  author={Cadena, Cesar and Carlone, Luca and Carrillo, Henry and Latif, Yasir and Scaramuzza, Davide and Neira, Jos{\'e} and Reid, Ian and Leonard, John J},
  journal={IEEE Transactions on Robotics},
  volume={32},
  number={6},
  pages={1309--1332},
  year={2016},
  publisher={IEEE}
}

@inproceedings{lin2016repmatch,
  title={Repmatch: Robust feature matching and pose for reconstructing modern cities},
  author={Lin, Wen-Yan and Liu, Siying and Jiang, Nianjuan and Do, Minh N and Tan, Ping and Lu, Jiangbo},
  booktitle={European Conference on Computer Vision},
  pages={562--579},
  year={2016},
  organization={Springer}
}

@inproceedings{murillo2007surf,
  title={Surf features for efficient robot localization with omnidirectional images},
  author={Murillo, Ana Cris and Guerrero, Jos{\'e} Jes{\'u}s and Sagues, C},
  booktitle={Robotics and Automation, 2007 IEEE International Conference on},
  pages={3901--3907},
  year={2007},
  organization={IEEE}
}

@book{forsyth2011computer,
  title={Computer vision: a modern approach},
  author={Forsyth, David and Ponce, Jean},
  year={2011},
  publisher={Upper Saddle River, NJ; London: Prentice Hall}
}

@article{lemaire2007vision,
  title={Vision-based slam: Stereo and monocular approaches},
  author={Lemaire, Thomas and Berger, Cyrille and Jung, Il-Kyun and Lacroix, Simon},
  journal={International Journal of Computer Vision},
  volume={74},
  number={3},
  pages={343},
  year={2007},
  publisher={Springer}
}

@article{DBLP:journals/corr/Mur-ArtalT16a,
  author    = {Raul Mur{-}Artal and
               Juan D. Tard{\'{o}}s},
  title     = {{ORB-SLAM2:} an Open-Source {SLAM} System for Monocular, Stereo and
               {RGB-D} Cameras},
  journal   = {CoRR},
  volume    = {abs/1610.06475},
  year      = {2016},
  url       = {http://arxiv.org/abs/1610.06475},
  archivePrefix = {arXiv},
  eprint    = {1610.06475},
  timestamp = {Wed, 07 Jun 2017 14:42:10 +0200},
  biburl    = {http://dblp.org/rec/bib/journals/corr/Mur-ArtalT16a},
  bibsource = {dblp computer science bibliography, http://dblp.org}
}

@article{Cadena16tro-SLAMfuture,
title = {Past, Present, and Future of Simultaneous Localization And Mapping: Towards the Robust-Perception Age},
author = {C. Cadena and L. Carlone and H. Carrillo and Y. Latif and D. Scaramuzza and J. Neira and I. Reid and J.J. Leonard},
journal = {{IEEE Transactions on Robotics}},
year = {2016},
number = {6},
pages = {1309–1332},
volume = {32}
}

@InProceedings{Aulinas2008survey,
  Title                    = {{The SLAM Problem: A Survey}},
  Author                   = {Aulinas, J. and Petillot, Y. and Salvi, J. and Llad\'{o}, X.},
  Booktitle                = {Proceedings of the International Conference of the Catalan Association for Artificial Intelligence},
  Year                     = {2008},
  Pages                    = {363--371},
  Publisher                = {IOS Press},

  Numpages                 = {363-371 }
}


@Article{kim2013real,
  Title                    = {{Real-time visual SLAM for autonomous underwater hull inspection using visual saliency}},
  Author                   = {Kim, A. and Eustice, R. M.},
  Journal                  = TRO,
  Year                     = {2013},
  Number                   = {3},
  Pages                    = {719--733},
  Volume                   = {29},
  Publisher                = IEEE
}

@article{bailey2006simultaneous,
  title={Simultaneous localization and mapping (SLAM): Part II},
  author={Bailey, Tim and Durrant-Whyte, Hugh},
  journal={IEEE Robotics \& Automation Magazine},
  volume={13},
  number={3},
  pages={108--117},
  year={2006},
  publisher={IEEE}
}

@article{durrant2006simultaneous,
  title={Simultaneous localization and mapping: part I},
  author={Durrant-Whyte, Hugh and Bailey, Tim},
  journal={IEEE robotics \& automation magazine},
  volume={13},
  number={2},
  pages={99--110},
  year={2006},
  publisher={IEEE}
}

@inproceedings{airsim2017fsr,
  author = {Shital Shah and Debadeepta Dey and Chris Lovett and Ashish Kapoor},
  title = {AirSim: High-Fidelity Visual and Physical Simulation for Autonomous Vehicles},
  year = {2017},
  booktitle = {Field and Service Robotics},
  eprint = {arXiv:1705.05065},
  url = {https://arxiv.org/abs/1705.05065}
}

@inproceedings{sturm2012benchmark,
  title={A benchmark for the evaluation of RGB-D SLAM systems},
  author={Sturm, J{\"u}rgen and Engelhard, Nikolas and Endres, Felix and Burgard, Wolfram and Cremers, Daniel},
  booktitle={Intelligent Robots and Systems (IROS), 2012 IEEE/RSJ International Conference on},
  pages={573--580},
  year={2012},
  organization={IEEE}
}

@article{geiger2013vision,
  title={Vision meets robotics: The KITTI dataset},
  author={Geiger, Andreas and Lenz, Philip and Stiller, Christoph and Urtasun, Raquel},
  journal={The International Journal of Robotics Research},
  volume={32},
  number={11},
  pages={1231--1237},
  year={2013},
  publisher={Sage Publications Sage UK: London, England}
}

@article{mur2017visual,
  title={Visual-inertial monocular SLAM with map reuse},
  author={Mur-Artal, Ra{\'u}l and Tard{\'o}s, Juan D},
  journal={IEEE Robotics and Automation Letters},
  volume={2},
  number={2},
  pages={796--803},
  year={2017},
  publisher={IEEE}
}
@inproceedings{paul2017comparative,
  title={A comparative analysis of tightly-coupled monocular, binocular, and stereo VINS},
  author={Paul, Mrinal K and Wu, Kejian and Hesch, Joel A and Nerurkar, Esha D and Roumeliotis, Stergios I},
  booktitle={Robotics and Automation (ICRA), 2017 IEEE International Conference on},
  pages={165--172},
  year={2017},
  organization={IEEE}
}

@article{pire2017s,
  title={S-PTAM: Stereo Parallel Tracking and Mapping},
  author={Pire, Taih{\'u} and Fischer, Thomas and Castro, Gast{\'o}n and De Crist{\'o}foris, Pablo and Civera, Javier and Berlles, Julio Jacobo},
  journal={Robotics and Autonomous Systems},
  volume={93},
  pages={27--42},
  year={2017},
  publisher={Elsevier}
}

@inproceedings{lin2014bilateral,
  title={Bilateral functions for global motion modeling},
  author={Lin, Wen-Yan Daniel and Cheng, Ming-Ming and Lu, Jiangbo and Yang, Hongsheng and Do, Minh N and Torr, Philip},
  booktitle={European Conference on Computer Vision},
  pages={341--356},
  year={2014},
  organization={Springer}
}

@incollection{fischler1987random,
  title={Random sample consensus: a paradigm for model fitting with applications to image analysis and automated cartography},
  author={Fischler, Martin A and Bolles, Robert C},
  booktitle={Readings in computer vision},
  pages={726--740},
  year={1987},
  publisher={Elsevier}
}

@inproceedings{strecha2008benchmarking,
  title={On benchmarking camera calibration and multi-view stereo for high resolution imagery},
  author={Strecha, Christoph and Von Hansen, Wolfgang and Van Gool, Luc and Fua, Pascal and Thoennessen, Ulrich},
  booktitle={Computer Vision and Pattern Recognition, 2008. CVPR 2008. IEEE Conference on},
  pages={1--8},
  year={2008},
  organization={Ieee}
}

@book{bradski2008learning,
  title={Learning OpenCV: Computer vision with the OpenCV library},
  author={Bradski, Gary and Kaehler, Adrian},
  year={2008},
  publisher={" O'Reilly Media, Inc."}
}

@inproceedings{rublee2011orb,
  title={ORB: An efficient alternative to SIFT or SURF},
  author={Rublee, Ethan and Rabaud, Vincent and Konolige, Kurt and Bradski, Gary},
  booktitle={Computer Vision (ICCV), 2011 IEEE international conference on},
  pages={2564--2571},
  year={2011},
  organization={IEEE}
}